<record><leader>00000cas a2200000 a 4500</leader><controlfield tag="001">37686110</controlfield><controlfield tag="008">970925c19979999nyuwr ne      0   a0eng c</controlfield><datafield ind1=" " ind2=" " tag="010"><subfield code="a">sn 97004657 </subfield></datafield><datafield ind1=" " ind2=" " tag="040"><subfield code="a">NSD</subfield><subfield code="b">eng</subfield><subfield code="c">NSD</subfield><subfield code="d">NYS</subfield><subfield code="d">OCLCQ</subfield><subfield code="d">GK8</subfield><subfield code="d">OCLCF</subfield><subfield code="d">OCLCO</subfield></datafield><datafield ind1=" " ind2=" " tag="012"><subfield code="l">1</subfield></datafield><datafield ind1="0" ind2=" " tag="022"><subfield code="a">1096-1275</subfield><subfield code="l">1096-1275</subfield><subfield code="2">1</subfield></datafield><datafield ind1="1" ind2=" " tag="029"><subfield code="a">AU@</subfield><subfield code="b">000026158649</subfield></datafield><datafield ind1="1" ind2=" " tag="029"><subfield code="a">AU@</subfield><subfield code="b">000053307674</subfield></datafield><datafield ind1=" " ind2=" " tag="037"><subfield code="b">News IndiaUSA, Inc., 43 W. 24th St., New York, NY 10010</subfield></datafield><datafield ind1=" " ind2=" " tag="042"><subfield code="a">nsdp</subfield><subfield code="a">pcc</subfield></datafield><datafield ind1=" " ind2=" " tag="043"><subfield code="a">n-us-ny</subfield></datafield><datafield ind1="1" ind2="0" tag="082"><subfield code="a">305</subfield><subfield code="2">12</subfield></datafield><datafield ind1="0" ind2=" " tag="210"><subfield code="a">Desi talk</subfield></datafield><datafield ind1=" " ind2="0" tag="222"><subfield code="a">Desi talk</subfield></datafield><datafield ind1="0" ind2="0" tag="245"><subfield code="a">Desi talk.</subfield></datafield><datafield ind1=" " ind2=" " tag="260"><subfield code="a">New York, NY :</subfield><subfield code="b">News IndiaTV, Inc.,</subfield><subfield code="c">[1997-</subfield></datafield><datafield ind1=" " ind2=" " tag="300"><subfield code="a">v.</subfield></datafield><datafield ind1=" " ind2=" " tag="310"><subfield code="a">Weekly</subfield></datafield><datafield ind1="0" ind2=" " tag="362"><subfield code="a">Vol. 1, no. 1 (Aug. 15, 1997)-</subfield></datafield><datafield ind1=" " ind2=" " tag="500"><subfield code="a">Title from cover.</subfield></datafield><datafield ind1=" " ind2=" " tag="500"><subfield code="a">Publisher: News India (U.S.A.) &lt;2004-</subfield></datafield><datafield ind1=" " ind2="0" tag="650"><subfield code="a">East Indians</subfield><subfield code="z">United States</subfield><subfield code="v">Newspapers.</subfield></datafield><datafield ind1=" " ind2="0" tag="650"><subfield code="a">East Indian Americans</subfield><subfield code="z">New York (State)</subfield><subfield code="z">New York.</subfield></datafield><datafield ind1=" " ind2="0" tag="651"><subfield code="a">New York (N.Y.)</subfield><subfield code="v">Newspapers.</subfield></datafield><datafield ind1=" " ind2="0" tag="651"><subfield code="a">New York County (N.Y.)</subfield><subfield code="v">Newspapers.</subfield></datafield><datafield ind1=" " ind2="7" tag="655"><subfield code="a">Newspapers.</subfield><subfield code="2">fast</subfield><subfield code="0">(OCoLC)fst01423814</subfield></datafield><datafield ind1=" " ind2="7" tag="650"><subfield code="a">East Indian Americans.</subfield><subfield code="2">fast</subfield><subfield code="0">(OCoLC)fst00901040</subfield></datafield><datafield ind1=" " ind2="7" tag="650"><subfield code="a">East Indians.</subfield><subfield code="2">fast</subfield><subfield code="0">(OCoLC)fst00901060</subfield></datafield><datafield ind1=" " ind2="7" tag="651"><subfield code="a">New York (State)</subfield><subfield code="z">New York.</subfield><subfield code="2">fast</subfield><subfield code="0">(OCoLC)fst01204333</subfield></datafield><datafield ind1=" " ind2="7" tag="651"><subfield code="a">New York (State)</subfield><subfield code="z">New York County.</subfield><subfield code="2">fast</subfield><subfield code="0">(OCoLC)fst01234953</subfield></datafield><datafield ind1=" " ind2="7" tag="651"><subfield code="a">United States.</subfield><subfield code="2">fast</subfield><subfield code="0">(OCoLC)fst01204155</subfield></datafield><datafield ind1=" " ind2=" " tag="752"><subfield code="a">United States</subfield><subfield code="b">New York</subfield><subfield code="c">New York</subfield><subfield code="d">New York.</subfield></datafield></record>